@book{frenkel2002understanding,
  title={Understanding molecular simulation: from algorithms to applications},
  author={Frenkel, D. and Smit, B.},
  volume={1},
  year={2002},
  publisher={Academic Pr}
}

@article{jones1924determination,
  title={On the determination of molecular fields. II. From the equation of state of a gas},
  author={Jones, JE},
  journal={Proceedings of the Royal Society of London. Series A, Containing Papers of a Mathematical and Physical Character},
  volume={106},
  number={738},
  pages={463--477},
  year={1924},
  publisher={JSTOR}
}

@online{lammps,
  title = {LAMMPS Molecular Dynamics Simulator},
  note = {http://lammps.sandia.gov}
}

@article{plimpton1995fast,
  title={Fast parallel algorithms for short-range molecular dynamics},
  author={Plimpton, S.},
  journal={Journal of Computational Physics},
  volume={117},
  number={1},
  pages={1--19},
  year={1995},
  publisher={Citeseer}
}

@article{verlet1967,
  volume = {159},
  journal = {Phys. Rev.},
  author = {Verlet, Loup},
  month = {Jul},
  url = {http://link.aps.org/doi/10.1103/PhysRev.159.98},
  doi = {10.1103/PhysRev.159.98},
  year = {1967},
  title = {Computer "Experiments" on Classical Fluids. I. Thermodynamical Properties of Lennard-Jones Molecules},
  issue = {1},
  publisher = {American Physical Society},
  pages = {98--103}
}

@article{shaw2005a,
  title={A fast, scalable, method for the parallel evaluation of distance-limited pairwise particles interactions},
  author={Shaw, D.E.},
  journal={Journal of Computational Chemistry},
  volume={26},
  number={13},
  pages={1318--1328},
  year={2005},
  publisher={Wiley Online Library}
}

@article{chow2010,
title={Molecular Dynamics},
author={Chow, E.},
year={2010}
}